<?xml version="1.0" encoding="UTF-8"?><collection xmlns="http://www.loc.gov/MARC21/slim"><record><leader>00347nam--2200109-i-4500</leader><controlfield tag="001">000018818</controlfield><controlfield tag="002">20161230</controlfield><controlfield tag="005">20161230201032</controlfield><controlfield tag="008">060222s1000------------r-----000-0-eng-d</controlfield><datafield ind1=" " ind2=" " tag="245"><subfield code="a">Conference sur la communication des connaissances scientifiques et techniques a l industrie.stockholm 7-9 octobre 1963</subfield></datafield><datafield ind1=" " ind2=" " tag="260"><subfield code="a">Paris, Ocde, 1965. 207 P</subfield></datafield><datafield ind1=" " ind2=" " tag="852"><subfield code="a">23978</subfield></datafield></record></collection>